
	@Article{lastname07,
	author = {a},
	title = {a},
	journal = {a},
	year = {2020}
	}
	